@book{Karniadakis_Microflows,
   title = "Microflows and nanoflows: fundamentals and simulation",
   author = "Karniadakis, George and Beskok, Ali and Aluru, Nayaran",
   series = "Interdisciplinary applied mathematics",
   publisher = "Springer",
   isbn = "978-0387-22197-7",
   year = 2005
}

@article{Verhaeghe2009,
title = "Lattice Boltzmann modeling of microchannel flow in slip flow regime ",
journal = "Journal of Computational Physics ",
volume = "228",
number = "1",
pages = "147 - 157",
year = "2009",
note = "",
issn = "0021-9991",
doi = "http://dx.doi.org/10.1016/j.jcp.2008.09.004",
url = "http://www.sciencedirect.com/science/article/pii/S0021999108004592",
author = "Frederik Verhaeghe and Li-Shi Luo and Bart Blanpain",
keywords = "Gas flow through microchannel",
keywords = "Slip flow",
keywords = "Lattice Boltzmann equation with multiple relaxation times "
}

@article{Li2011,
year={2011},
issn={1613-4982},
journal={Microfluidics and Nanofluidics},
volume={10},
number={3},
doi={10.1007/s10404-010-0693-1},
title={Lattice Boltzmann modeling of microchannel flows in the transition flow regime},
url={http://dx.doi.org/10.1007/s10404-010-0693-1},
publisher={Springer-Verlag},
keywords={Lattice Boltzmann method; Microchannel flow; Transition flow regime; Effective viscosity},
author={Li, Q. and He, Y.L. and Tang, G.H. and Tao, W.Q.},
pages={607-618},
language={English}
}

@article{Toschi2005,
  author={F. Toschi and S. Succi},
  title={Lattice Boltzmann method at finite Knudsen numbers},
  journal={EPL (Europhysics Letters)},
  volume={69},
  number={4},
  pages={549},
  url={http://stacks.iop.org/0295-5075/69/i=4/a=549},
  year={2005},
  abstract={A modified lattice Boltzmann model with a stochastic relaxation mechanism mimicking "virtual" collisions between free-streaming particles and solid walls is introduced. This modified scheme permits to compute plane channel flows in satisfactory agreement with analytical results over a broad spectrum of Knudsen numbers, ranging from the hydrodynamic regime, all the way to quasi-free flow regimes up to Kn ~ 30.}
}

@article{Neumann2012,
    author = {Neumann, Philipp and Rohrmann, Till},
    journal = {Open Journal of Fluid Dynamics},
    month = sep,
    number = {3},
    pages = {101--110},
    title = { Lattice Boltzmann Simulations in the Slip and Transition Flow Regime with the Peano Framework},
    volume = {2},
    year = {2012},
    URL = {http://www.scirp.org/journal/PaperDownload.aspx?paperID=22532&returnUrl=http%3a%2f%2fwww.scirp.org%2fjournal%2fPaperInformation.aspx%3fpaperID%3d22532}
}

@article{Ren2015,
year={2015},
issn={0169-3913},
journal={Transport in Porous Media},
volume={106},
number={2},
doi={10.1007/s11242-014-0401-9},
title={A Lattice Boltzmann Model for Simulating Gas Flow in Kerogen Pores},
url={http://dx.doi.org/10.1007/s11242-014-0401-9},
publisher={Springer Netherlands},
keywords={Shale gas; Lattice Boltzmann model; Surface diffusion; Gas slippage; Kerogen pore},
author={Ren, Junjie and Guo, Ping and Guo, Zhaoli and Wang, Zhouhua},
pages={285-301},
language={English}
}

@article{Zhang2015,
year={2015},
issn={1672-5107},
journal={Petroleum Science},
volume={12},
number={1},
doi={10.1007/s12182-014-0004-7},
title={Investigation of shale gas microflow with the Lattice Boltzmann method},
url={http://dx.doi.org/10.1007/s12182-014-0004-7},
publisher={China University of Petroleum (Beijing)},
keywords={Shale gas; Permeability; Adsorption; Desorption; Diffusion; Slip effect},
author={Zhang, Xiao-Ling and Xiao, Li-Zhi and Guo, Long and Xie, Qing-Ming},
pages={96-103},
language={English}
}

@article{Zhang2012,
year={2012},
issn={1613-4982},
journal={Microfluidics and Nanofluidics},
volume={13},
number={6},
doi={10.1007/s10404-012-1012-9},
title={A review on slip models for gas microflows},
url={http://dx.doi.org/10.1007/s10404-012-1012-9},
publisher={Springer-Verlag},
keywords={MEMS; Microfluidic device; Gas microflow; Slip coefficient; Slip model},
author={Zhang, Wen-Ming and Meng, Guang and Wei, Xueyong},
pages={845-882},
language={English}
}
